% Yellow Report reference


@BOOK{principles,
  TITLE = {Calorimetry (International Series of Monographs on Physics)},
  SUBTITLE = {},
  AUTHOR = {Wigmans, Richard},
  YEAR = {2017},
  PUBLISHER = {OUP Oxford},
}

@article{yellowreport2021,
  title={Science requirements and detector concepts for the electron-ion collider: EIC yellow report},
  author={Khalek, R Abdul and Accardi, A and Adam, J and Adamiak, D and Akers, W and Albaladejo, M and Al-Bataineh, A and Alexeev, MG and Ameli, F and Antonioli, P and others},
  journal={arXiv preprint arXiv:2103.05419},
  year={2021}
}

@misc{fun4all,
  Author = {Pinkenburg, Chris},
  Institution = {Brookhaven National Laboratory},
  Howpublished = {\url{https://indico.bnl.gov/event/7281/sessions/3572/attachments/26409/39981/EIC-simulation-tutorial.pdf}. Powerpoint Presentation.},
  Year = {2020},
  Title = {EIC Tutorial on Full Detector Simulations}
}

@article{geant4,
author = {Geant4 collaboration},
title = {Book For Application Developers},
year = 2018,
}


@misc{ wiki:1,
    author = "{Wikipedia contributors}",
    title = "ROOT --- {Wikipedia}{,} The Free Encyclopedia",
    year = "2019",
    url = "https://en.wikipedia.org/w/index.php?title=ROOT&oldid=933290311",
  }
  